<?xml version="1.0" encoding="UTF-8"?><collection xmlns="http://www.loc.gov/MARC21/slim"><record><leader>00368nam--2200145-i-4500</leader><controlfield tag="001">000012611</controlfield><controlfield tag="002">20161230</controlfield><controlfield tag="005">20170121224700</controlfield><controlfield tag="008">060222s1000------------r-----000-0-eng-d</controlfield><datafield ind1=" " ind2=" " tag="080"><subfield code="a">061.6(45)</subfield></datafield><datafield ind1=" " ind2=" " tag="245"><subfield code="a">The cnen facilities at saluggia</subfield></datafield><datafield ind1=" " ind2=" " tag="260"><subfield code="a">Roma</subfield><subfield code="b">Comitato Nazionale Energia Nucleare</subfield><subfield code="c">1970</subfield></datafield><datafield ind1=" " ind2=" " tag="300"><subfield code="a">89 p</subfield></datafield><datafield ind1=" " ind2=" " tag="852"><subfield code="a">45911</subfield></datafield><datafield ind1=" " ind2=" " tag="CAT"><subfield code="a">SYS</subfield><subfield code="c">20170121</subfield><subfield code="h">224700</subfield></datafield></record></collection>